@online{lynis-web,
    author    = "CISOfy",
    title     = "CISOfy: Auditing-Hardening-Compliance",
    url       = "https://cisofy.com/lynis/",
    addendum  = "Accessed: 22.04.2021",
    year      = "2013",
    keywords  = "lynis, security"
}

@online{ms-mvvm,
    author    = "Microsoft",
    title     = "The MVVM Pattern",
    url       = "https://docs.microsoft.com/en-us/previous-versions/msp-n-p/hh848246(v=pandp.10)?redirectedfrom=MSDN",
    addendum  = "Accessed: 11.05.2021",
    year      = "2012",
    keywords  = "Microsoft, ms, patterns"
}

@online{rest,
    author    = "Roy Thomas Fielding",
    title     = "CHAPTER 5 - Representational State Transfer (REST)",
    url       = "https://www.ics.uci.edu/~fielding/pubs/dissertation/rest_arch_style.htm",
    addendum  = "Accessed: 11.05.2021",
    year      = "2000",
    keywords  = "rest, api"
}

@online{ms-web-api,
    author    = "Microsoft",
    title     = "Create web APIs with ASP.NET Core",
    url       = "https://docs.microsoft.com/en-us/aspnet/core/web-api/?view=aspnetcore-5.0",
    addendum  = "Accessed: 20.07.2020",
    year      = "2000",
    keywords  = "rest, api"
}

@online{ms-three-layered,
    author    = "Microsoft",
    title     = "Three-Layered Services Application",
    url       = "https://docs.microsoft.com/en-us/previous-versions/msp-n-p/ff648105(v=pandp.10)",
    addendum  = "Accessed: 20.07.2020",
    year      = "2004",
    keywords  = "ms, Microsoft, Three Layered Architecture"
}

@book{devops-handbook,
    title = "The DevOps Handbook: How to Create World-Class Agility, Reliability, and Security in Technology Organizations",
    author = "Gene Kim and Jez Humble and Patrick Debois",
    url = "https://ituniversity-my.sharepoint.com/:b:/g/personal/ropf_itu_dk/Eafg4B4afaxIqYGDYJqOJLQBycrIZ8JwkokFy4j9JuWiuQ?e=OH5SzC",
    addendum = "(accessed: 27.03.2021)",
    year = "2016",
    publisher = "IT Revolution Press"
}

@online{agile-manifesto-first-page,
    title = "Manifesto for Agile Software Development",
    author = "Kent Beck and Mike Beedle and Arie van Bennekum and Alistair Cockburn and Ward Cunningham and Martin Fowler and James Grenning and Jim Highsmith and Andrew Hunt and Ron Jefferies and Jon Kern and Brian Marick and Robert C. Martin and Steve Mellor and Ken Schwaber and Jeff Sutherland and Dave Thomas",
    year = "2001",
    url = "https://agilemanifesto.org/",
    addendum = "Accessed: d. 15.05.2021",
}

@online{agile-manifesto-second-page,
    title = "Manifesto for Agile Software Development",
    author = "Kent Beck and Mike Beedle and Arie van Bennekum and Alistair Cockburn and Ward Cunningham and Martin Fowler and James Grenning and Jim Highsmith and Andrew Hunt and Ron Jefferies and Jon Kern and Brian Marick and Robert C. Martin and Steve Mellor and Ken Schwaber and Jeff Sutherland and Dave Thomas",
    year = "2001",
    url = "https://agilemanifesto.org/principles.html",
    addendum = "Accessed: d. 15.05.2021",
}

@online{2020-scrum-guide,
    author = "Ken Schwaber and Jeff Sutherland",
    title = "The Scrum Guide",
    url = "https://learnit.itu.dk/pluginfile.php/281083/mod_page/content/5/2020-Scrum-Guide-US.pdf?time=1612081998778",
    addendum = "Accessed: d. 15.05.2021",
    year = "2020",
    keywords = "pdf, learnit"
}

@online{task-branching,
    author = "Dan Radigan",
    title = "Feature branching your way to greatness",
    url = "https://learnit.itu.dk/pluginfile.php/281083/mod_page/content/5/2020-Scrum-Guide-US.pdf?time=1612081998778",
    addendum = "Accessed: d. 15.05.2021",
    year = "2018",
    keywords = "pdf, learnit"
}